<?xml version="1.0" encoding="UTF-8"?><collection xmlns="http://www.loc.gov/MARC21/slim"><record><leader>00402nam--2200157-i-4500</leader><controlfield tag="001">000010659</controlfield><controlfield tag="002">20161230</controlfield><controlfield tag="005">20170304150657</controlfield><controlfield tag="008">060222s1000------------r-----000-0-eng-d</controlfield><datafield ind1=" " ind2=" " tag="100"><subfield code="a">Davis, Rex M</subfield></datafield><datafield ind1=" " ind2=" " tag="245"><subfield code="a">Power diode and thyristor ciruits</subfield></datafield><datafield ind1=" " ind2=" " tag="260"><subfield code="a">Cambridge</subfield><subfield code="b">University Press</subfield><subfield code="c">1971</subfield></datafield><datafield ind1=" " ind2=" " tag="300"><subfield code="a">265 p</subfield></datafield><datafield ind1=" " ind2=" " tag="490"><subfield code="a">Iee Monographs Series</subfield></datafield><datafield ind1=" " ind2=" " tag="852"><subfield code="a">621.382.2</subfield></datafield><datafield ind1=" " ind2=" " tag="CAT"><subfield code="a">SYS</subfield><subfield code="c">20170304</subfield><subfield code="h">150657</subfield></datafield></record></collection>